@misc{www-dgx-station-a100,
	title = {{NVIDIA DGX Station A100}},
	author = {{NVIDIA}},
	year = 2022,
	month = jan,
	url = {https://www.nvidia.com/en-us/data-center/dgx-station-a100},
	year = 2022,
	month = jan,
    howpublished={Web Page}
}

@misc{www-mlcube,
	title = {{MLCube{\texttrademark}}},
	author = {{MLCommons}},
	year = 2022,
	month = jan,
	url = {https://mlcommons.org/en/mlcube},
    howpublished={Web Page}
}

@misc{www-horovod,
	author = {{horovod developers}},
	title = {{Horovod}},
	journal = {GitHub},
	year = 2022,
	month = jan,
	url = {https://github.com/horovod/horovod},
    howpublished={Web Page}
}

@misc{www-pytorch,
	title = {{PyTorch}},
	year = 2022,
	month = jan,
	url = {https://pytorch.org},
    howpublished={Web Page}
}

@misc{www-conda,
	title = {{Conda}},
	author= {{Conda Developers}},
	year = 2022,
	month = jan,
	url = {https://docs.conda.io/en/latest},
    howpublished={Web Page}
}

@misc{www-modules,
	title = {{Lmod: A New Environment Module System}},
	year = 2022,
	month = jan,
	url = {https://lmod.readthedocs.io/en/latest},
    howpublished={Web Page}
}

@misc{www-papermill,
	title = {{Papermill 2.3.4 documentation}},
	author={{Papermill Developers}},
	year = 2022,
	month = jan,
	url = {https://papermill.readthedocs.io/en/latest},
	howbublished = {Web Page}
}

@misc{www-jabrefg-org,
    author={{jabref.org}},
    title={JabRef},
    howpublished={Web Page},
    year = 2022,
    month = jan,
    url={https://jabref.org}
}
@misc{las-intro-python,
    author={von Laszewski, Gregor},
    title={Introduction to Python},
    howpublished={Online Book},
    year = 2020,
    month = Aug,
    url={https://cloudmesh-community.github.io/pub/vonLaszewski-python.pdf}
}

@misc{fox2021earthquake,
      title={Earthquake Nowcasting with Deep Learning}, 
      author={Geoffrey Fox and John Rundle and Andrea Donnellan and Bo Feng},
      year={2021},
      eprint={2201.01869},
      archivePrefix={arXiv},
      primaryClass={physics.geo-ph}
}

@misc{vaswani2017attention,
      title={Attention Is All You Need}, 
      author={Ashish Vaswani and Noam Shazeer and Niki Parmar and Jakob Uszkoreit and Llion Jones and Aidan N. Gomez and Lukasz Kaiser and Illia Polosukhin},
      year={2017},
      eprint={1706.03762},
      archivePrefix={arXiv},
      primaryClass={cs.CL}
}

@misc{www-mlcommons-eathquake,
  author = {Geoffery Fox and Gregor von Laszewski},
  title = {MLCommons Earthquate Science Benchmark},
  year = {2013},
  publisher = {GitHub},
  journal = {GitHub Repository},
  howpublished = {\url{https://github.com/cybertraining-dsc/capstone-eartquake}},
  commit = {}
}

 @misc{www-onnen2021,
   title={Temporal Fusion Transformer: A Primer on deep forecasting in python},
   url ={https://towardsdatascience.com/temporal-fusion-transformer-a-primer-on-deep-forecasting-in-python-4eb37f3f3594},
   howpublished={Blog},
   publisher={Towards Data Science},
   author={Onnen, Heiko},
   year={2021},
   month={Dec}
 } 

 @misc{www-mlcommons-mlcube,
    author={{mlcommons.org}},
    title={MLCube},
    howpublished={Web Page},
    year = 2022,
    month = jan,
    url={https://mlcommons.org/en/mlcube/}
}

@InProceedings{fox2022aiforscience,
  author       = {Geoffrey Fox and John Rundle and Bo Feng},
  title        = {AI for Science illustrated by Deep Learning for                   Geospatial Time Series},
  year         = 2022,
  series       = {IEEE 12th Annual Computing and Communication Workshop and Conference},
  month        = jan,
  address      = {},
  organization = {Digital Science Center},
  publisher    = {IEEE},
  url = {https://docs.google.com/presentation/d/1UiMVV4mMzIXIzBJ2WqFrWnqVI6NaI0jevb7BKulun2c/edit?usp=sharing}
}

@misc{www-jupyterlab,
  author = {{Project Jupyter}},
  title = {Jupyterlab (version ?)},
  year  = {2022},
  url   = {https://jupyter.org},
  howpublished = {Web Page}
}

@misc{www-mlcommons,
  author = {{MLCommons}},
  title = {MLCommons},
  year = {2022},
  url = {https://mlcommons.org/}
  howpublished = {Web Page}
}